<?xml version="1.0" encoding="UTF-8"?><collection xmlns="http://www.loc.gov/MARC21/slim"><record><leader>00464nam--2200169-i-4500</leader><controlfield tag="001">000007387</controlfield><controlfield tag="002">20161230</controlfield><controlfield tag="005">20161230201027</controlfield><controlfield tag="008">060222s1000------------r-----000-0-eng-d</controlfield><datafield ind1=" " ind2=" " tag="040"><subfield code="a">IFIN-HH</subfield></datafield><datafield ind1=" " ind2=" " tag="080"><subfield code="a">548.73</subfield></datafield><datafield ind1="1" ind2=" " tag="100"><subfield code="a">Buerger, Martin J</subfield></datafield><datafield ind1="1" ind2="0" tag="245"><subfield code="a">The precession method in x-ray crystallography</subfield><subfield code="c">Martin j. buerger</subfield></datafield><datafield ind1=" " ind2=" " tag="260"><subfield code="a">New York</subfield><subfield code="b">John Wiley &amp; Sons, Inc</subfield><subfield code="c">1964</subfield></datafield><datafield ind1=" " ind2=" " tag="300"><subfield code="a">XVI + 276 P</subfield></datafield><datafield ind1=" " ind2=" " tag="852"><subfield code="a">22404</subfield><subfield code="c">537.531</subfield></datafield><datafield ind1=" " ind2=" " tag="CAT"><subfield code="a">Sys</subfield><subfield code="c">20110809</subfield><subfield code="h">150933</subfield></datafield></record></collection>